<record><leader>00000cas a2200000 a 4500</leader><controlfield tag="001">27323622</controlfield><controlfield tag="008">930126d187218uuilumr ne      0   a0eng c</controlfield><datafield ind1=" " ind2=" " tag="010"><subfield code="a">sn 93055393 </subfield></datafield><datafield ind1=" " ind2=" " tag="040"><subfield code="a">NVF</subfield><subfield code="b">eng</subfield><subfield code="c">NVF</subfield><subfield code="d">OCLCQ</subfield><subfield code="d">NVF</subfield><subfield code="d">OCLCQ</subfield><subfield code="d">NVF</subfield><subfield code="d">OCLCO</subfield></datafield><datafield ind1="1" ind2=" " tag="029"><subfield code="a">AU@</subfield><subfield code="b">000020738858</subfield></datafield><datafield ind1=" " ind2=" " tag="042"><subfield code="a">pcc</subfield></datafield><datafield ind1=" " ind2=" " tag="043"><subfield code="a">n-us-il</subfield></datafield><datafield ind1="0" ind2="0" tag="245"><subfield code="a">Real estate and business directory.</subfield></datafield><datafield ind1=" " ind2=" " tag="260"><subfield code="a">Forreston, Ogle County, Ill. :</subfield><subfield code="b">M.V. Saltzman,</subfield><subfield code="c">1872-[18--?]</subfield></datafield><datafield ind1=" " ind2=" " tag="300"><subfield code="a">v.</subfield></datafield><datafield ind1=" " ind2=" " tag="310"><subfield code="a">Monthly</subfield></datafield><datafield ind1="0" ind2=" " tag="362"><subfield code="a">Vol. 1, no. 1 (May 1872)-</subfield></datafield><datafield ind1=" " ind2=" " tag="588"><subfield code="a">Latest issue consulted: Vol. 1, no. 1 (May 1872).</subfield></datafield><datafield ind1=" " ind2="0" tag="650"><subfield code="a">Real estate listings</subfield><subfield code="z">Illinois</subfield><subfield code="z">Ogle County</subfield><subfield code="z">Forreston</subfield><subfield code="v">Newspapers.</subfield></datafield><datafield ind1=" " ind2="0" tag="650"><subfield code="a">Real property</subfield><subfield code="z">Illinois</subfield><subfield code="z">Ogle County</subfield><subfield code="z">Forreston</subfield><subfield code="x">Directories</subfield><subfield code="v">Newspapers.</subfield></datafield><datafield ind1=" " ind2="0" tag="650"><subfield code="a">Real property</subfield><subfield code="z">Illinois</subfield><subfield code="z">Ogle County</subfield><subfield code="z">Forreston</subfield><subfield code="v">Directories.</subfield></datafield><datafield ind1=" " ind2="0" tag="651"><subfield code="a">Forreston (Ill.)</subfield><subfield code="v">Newspapers.</subfield></datafield><datafield ind1=" " ind2=" " tag="752"><subfield code="a">United States</subfield><subfield code="b">Illinois</subfield><subfield code="c">Ogle County</subfield><subfield code="d">Forreston.</subfield></datafield></record>